<record><leader>00000cas a2200000 a 4500</leader><controlfield tag="001">12283146</controlfield><controlfield tag="008">850719d19111976ksuwr ne      0    0eng d</controlfield><datafield ind1=" " ind2=" " tag="010"><subfield code="a">sn 85030734 </subfield></datafield><datafield ind1=" " ind2=" " tag="040"><subfield code="a">KSH</subfield><subfield code="b">eng</subfield><subfield code="c">KSH</subfield><subfield code="d">NPT</subfield><subfield code="d">OCL</subfield><subfield code="d">OCLCQ</subfield></datafield><datafield ind1=" " ind2=" " tag="042"><subfield code="a">msc</subfield></datafield><datafield ind1="0" ind2="4" tag="245"><subfield code="a">The Pretty Prairie times.</subfield></datafield><datafield ind1=" " ind2=" " tag="260"><subfield code="a">Pretty Prairie, Kan. :</subfield><subfield code="b">Percy Torrey</subfield></datafield><datafield ind1=" " ind2=" " tag="300"><subfield code="a">v. :</subfield><subfield code="b">ill. ;</subfield><subfield code="c">38-55 cm.</subfield></datafield><datafield ind1=" " ind2=" " tag="310"><subfield code="a">Weekly</subfield></datafield><datafield ind1="0" ind2=" " tag="362"><subfield code="a">-v. 66, no. 34 (Mar. 4, 1976).</subfield></datafield><datafield ind1="1" ind2=" " tag="362"><subfield code="a">Began in 1911.</subfield><subfield code="z">Cf. Ayer, 1914.</subfield></datafield><datafield ind1=" " ind2=" " tag="500"><subfield code="a">Publisher varies.</subfield></datafield><datafield ind1=" " ind2=" " tag="500"><subfield code="a">Includes section called: "South Reno news," Oct. 3, 1929-Apr. 10, 1930; "South Reno dep't," Apr. 17, 1930-Nov. 10, 1932; "Kansas State dept.," Nov. 17, 1932-Dec. 7, 1933; "Arlington enterprise," Oct. 5, 1972-Mar. 4, 1976; "Turon ledger," Nov. 6, 1975-Mar. 4, 1976.</subfield></datafield><datafield ind1=" " ind2=" " tag="588"><subfield code="a">Description based on: Vol. 1, no. 24 (Jan. 26, 1911).</subfield></datafield><datafield ind1=" " ind2=" " tag="752"><subfield code="a">United States</subfield><subfield code="b">Kansas</subfield><subfield code="c">Reno</subfield><subfield code="d">Pretty Prairie.</subfield></datafield><datafield ind1="0" ind2="5" tag="780"><subfield code="t">Arlington enterprise (Arlington, Kan. : 1959)</subfield><subfield code="g">Sept. 29, 1972</subfield><subfield code="w">(DLC)sn 85030728</subfield></datafield><datafield ind1="0" ind2="0" tag="785"><subfield code="t">Ninnescah Valley news</subfield><subfield code="w">(DLC)sn 85030744</subfield></datafield></record>